@online{jmp_randomization,
  title = {Key Principles of Experimental Design},
  year = {2025},
  url = {https://www.jmp.com/en/statistics-knowledge-portal/design-of-experiments/key-design-of-experiments-concepts/key-principles-of-experimental-design},
  note = {Accessed 30 Oct 2025},
  urldate = {2025-10-30}
}

@online{wiki_anova,
  title = {Analysis of variance},
  author = {{Wikipedia contributors}},
  year = {2025},
  url = {https://en.wikipedia.org/wiki/Analysis_of_variance},
  note = {Accessed 30 Oct 2025},
  urldate = {2025-10-30}
}

@online{psu_multiple,
  title = {3.3 - Multiple Comparisons | STAT 503},
  author = {Pennsylvania State University},
  year = {2025},
  url = {https://online.stat.psu.edu/stat503/lesson/3/3.3},
  note = {Accessed 30 Oct 2025},
  urldate = {2025-10-30}
}
